%% This BibTeX bibliography file was created using BibDesk.
%% http://bibdesk.sourceforge.net/

%% Created for Henry Skorpe Sj√∏en at 2015-11-07 13:49:33 +0100 


%% Saved with string encoding Unicode (UTF-8) 


@book{dyba,
	Author = {Dyb{\aa}, Tore - Dings{\o}yr, Torgeir - Moe, Nils Brede},
	Date-Added = {2015-11-07 12:48:29 +0000},
	Date-Modified = {2015-11-07 12:49:33 +0000},
	Publisher = {Fagbokforlaget},
	Title = {Praktisk prosessforbedring: En h{\aa}ndbok for IT-bedrifter},
	Year = {2002}}

@book{kniberg,
	Author = {Henrik Kniberg},
	Date-Added = {2015-11-07 12:45:40 +0000},
	Date-Modified = {2015-11-07 12:48:24 +0000},
	Number = {2},
	Publisher = {C4Media},
	Title = {Scrum and XP from the trenches},
	Year = {2015}}

@online{agilemanifesto,
	Author = {The Agile-Manifesto-Team},
	Title = {The Agile Manifesto},
	Url = {http://www.agilemanifesto.org/},
	Urldate = {2015-10-08},
	Year = 2015,
	Bdsk-Url-1 = {http://www.agilemanifesto.org/}}

@online{scrumguides,
	Author = {Schwaber, Ken - Sutherland, Jeff},
	Title = {The Scrum Guide},
	Url = {http://www.scrumguides.org/scrum-guide.html/},
	Urldate = {2015-10-29},
	Year = 2013,
	Bdsk-Url-1 = {http://www.scrumguides.org/scrum-guide.html/}}
	
@online{scrummaster,
    Author = {Margaret Rouse},
    Title = {scrum master},
    Url = {http://whatis.techtarget.com/definition/scrum-master},
    Urldate = {2015-10-22},
    Year = {2014}}
    
@online{scrummasterrolle,
    Author = {Michael James},
    Title = {The Scrum Master Role},
    Url = {http://scrummethodology.com/the-scrummaster-role/},
    Urldate = {2015-10-22},
    Year = {2015}}